@book{koza92,
		author    = "Koza, John R.",
		title     = "Genetic Programming: On the Programming of Computers by Means of Natural Selection",
		publisher = "MIT Press",
		year      = "1992"
}


@misc{wiki:latex,
       author = "Wikipedia",
       title = "LaTeX --- Wikipedia{,} La enciclopedia libre",
       year = "2015",
       howpublished = {\url{https://es.wikipedia.org/w/index.php?title=LaTeX&oldid=84209252}},
       note = "[Internet; descargado 30-septiembre-2015]"
}

@misc{web:promptingguide,
  title        = "Guía de Prompting para Modelos de Lenguaje",
  author       = "Prompt Engineering Guide",
  year         = "2025",
  howpublished = {\url{https://www.promptingguide.ai/es}},
  note         = "[Internet; Accedido el 9 de mayo de 2025]"
}

@misc{wiki:rubrica,
  author       = "Wikipedia",
  title        = "Rúbrica (docencia) --- Wikipedia{,} La enciclopedia libre",
  year         = "2025",
  howpublished = {\url{https://es.wikipedia.org/wiki/Rúbrica_(docencia)}},
  note         = "[Internet; Accedido el 18 de mayo de 2025]"
}

@misc{web:scrumban,
  author       = "Anna Pérez{,} OBS Business School",
  title        = "La metodología Scrumban: cuándo y por qué utilizarla",
  year         = "2014",
  howpublished = {\url{https://www.obsbusiness.school/blog/la-metodologia-scrumban-cuando-y-por-que-utilizarla}},
  note         = "[Internet; Accedido el 12 de mayo de 2025]"
}

@misc{wiki:Kanban,
  author       = "Wikipedia",
  title        = "Kanban (desarrollo) --- Wikipedia{,} La enciclopedia libre",
  year         = "2025",
  howpublished = {\url{https://es.wikipedia.org/wiki/Kanban_(desarrollo)}},
  note         = "[Internet; Accedido el 12 de mayo de 2025]"
}

@misc{web:Gitflow,
  author       = "Vincent Driessen",
  title        = "A successful Git branching model",
  year         = "2010",
  howpublished = {\url{https://nvie.com/posts/a-successful-git-branching-model/}},
  note         = "[Internet; Accedido el 15 de mayo de 2025]"
}


@misc{web:djangoMVT,
  author       = "CodeMaple",
  title        = "Understanding Django MVT Architecture and View Functions – Django Full Course for Beginners [Lesson 2]",
  year         = "2023",
  howpublished = {\url{https://medium.com/@CodeMaple/understanding-django-mvt-architecture-and-view-functions-django-full-course-for-beginners-lesson-39c8da093b44}},
  note         = "[Internet; Accedido el 14 de mayo de 2025]"
}

@misc{wiki:Scrum,
  author       = "Wikipedia",
  title        = "Scrum (desarrollo de software) —-- Wikipedia{,} La enciclopedia libre",
  year         = "2025",
  howpublished = {\url{https://es.wikipedia.org/wiki/Scrum_(desarrollo_de_software)}},
  note         = "[Internet; Accedido el 12 de mayo de 2025]"
}


@article{bortolot2005,
  title={Estimating forest biomass using small footprint LiDAR data: An individual tree-based approach that incorporates training data},
  author={Bortolot, Zachary J and Wynne, Randolph H},
  journal={ISPRS Journal of Photogrammetry and Remote Sensing},
  volume={59},
  number={6},
  pages={342--360},
  year={2005},
  publisher={Elsevier}
}

@article{vaswani2017,
  title={Attention Is All You Need},
  author={Vaswani, Ashish and Shazeer, Noam and Parmar, Niki and Uszoreit, Jakob and Jones, Llion and Gomez, Aidan N. and Kaiser, Lukasz and Polosukhin, Illia},
  journal={arXiv preprint arXiv:1706.03762},
  year={2017},
  publisher={arXiv},
  url={https://doi.org/10.48550/arXiv.1706.03762}
}

@misc{web:Git,
  author       = "{Git-scm.com}",
  title        = "Git -- Distributed Version Control System",
  year         = "2025",
  howpublished = {\url{https://git-scm.com}},
  note         = "[Internet; Accedido el 15 de mayo de 2025]"
}

@misc{web:GitHub,
  author       = "GitHub, Inc.",
  title        = "GitHub: Where the world builds software",
  year         = "2025",
  howpublished = {\url{https://github.com}},
  note         = "[Internet; Accedido el 15 de mayo de 2025]"
}

@misc{web:Subversion,
  author       = "The Apache Software Foundation",
  title        = "Apache Subversion - Welcome to Apache Subversion",
  year         = "2025",
  howpublished = {\url{https://subversion.apache.org/}},
  note         = "[Internet; Accedido el 15 de mayo de 2025]"
}

@misc{web:GitLab,
  author       = "GitLab Inc.",
  title        = "GitLab: Plataforma de DevOps",
  year         = "2025",
  howpublished = {\url{https://about.gitlab.com/es/}},
  note         = "[Internet; Accedido el 15 de mayo de 2025]"
}

@misc{web:Bitbucket,
  author       = "Atlassian",
  title        = "Bitbucket: Repositorios Git para equipos",
  year         = "2025",
  howpublished = {\url{https://bitbucket.org/product/}},
  note         = "[Internet; Accedido el 15 de mayo de 2025]"
}

@misc{web:jira,
  title        = "Jira | Herramienta de gestión de proyectos",
  author       = "Atlassian",
  year         = "2025",
  howpublished = {\url{https://www.atlassian.com/software/jira}},
  note         = "[Internet; Accedido el 19 de mayo de 2025]"
}

@misc{web:trello,
  title        = "Trello | Herramienta de colaboración visual",
  author       = "Atlassian",
  year         = "2025",
  howpublished = {\url{https://trello.com}},
  note         = "[Internet; Accedido el 19 de mayo de 2025]"
}

@misc{web:zube,
  title        = "Zube | Project Management for GitHub Issues",
  author       = "Zube Inc.",
  year         = "2025",
  howpublished = {\url{https://zube.io}},
  note         = "[Internet; Accedido el 19 de mayo de 2025]"
}
@misc{web:spyder,
  title        = "Spyder: The Scientific Python Development Environment",
  author       = "Spyder Project Contributors",
  year         = "2025",
  howpublished = {\url{https://www.spyder-ide.org}},
  note         = "[Internet; Accedido el 19 de mayo de 2025]"
}

@misc{web:vscode,
  title        = "Visual Studio Code",
  author       = "Microsoft",
  year         = "2025",
  howpublished = {\url{https://code.visualstudio.com}},
  note         = "[Internet; Accedido el 19 de mayo de 2025]"
}

@misc{web:miktex,
  title        = "MiKTeX – Windows TeX distribution",
  author       = "MiKTeX Project",
  year         = "2025",
  howpublished = {\url{https://miktex.org}},
  note         = "[Internet; Accedido el 19 de mayo de 2025]"
}

@misc{web:texlive,
  title        = "TeX Live – TeX distribution",
  author       = "TeX Users Group",
  year         = "2025",
  howpublished = {\url{https://tug.org/texlive/}},
  note         = "[Internet; Accedido el 19 de mayo de 2025]"
}

@misc{web:mactex,
  title        = "MacTeX – TeX distribution for macOS",
  author       = "TeX Users Group",
  year         = "2025",
  howpublished = {\url{https://tug.org/mactex/}},
  note         = "[Internet; Accedido el 19 de mayo de 2025]"
}

@misc{web:overleaf,
  title        = "Overleaf – Online LaTeX editor",
  author       = "Overleaf Ltd.",
  year         = "2025",
  howpublished = {\url{https://www.overleaf.com}},
  note         = "[Internet; Accedido el 19 de mayo de 2025]"
}

@misc{web:flask,
  title        = "Flask – Web development, one drop at a time",
  author       = "Pallets Projects",
  year         = "2025",
  howpublished = {\url{https://flask.palletsprojects.com}},
  note         = "[Internet; Accedido el 19 de mayo de 2025]"
}

@misc{web:django,
  title        = "Django – The web framework for perfectionists with deadlines",
  author       = "Django Software Foundation",
  year         = "2025",
  howpublished = {\url{https://www.djangoproject.com}},
  note         = "[Internet; Accedido el 19 de mayo de 2025]"
}

@misc{web:sqlite,
  title        = "SQLite – Embedded SQL Database Engine",
  author       = "SQLite Consortium",
  year         = "2025",
  howpublished = {\url{https://www.sqlite.org}},
  note         = "[Internet; Accedido el 19 de mayo de 2025]"
}

@misc{web:postgresql,
  title        = "PostgreSQL – The World's Most Advanced Open Source Relational Database",
  author       = "PostgreSQL Global Development Group",
  year         = "2025",
  howpublished = {\url{https://www.postgresql.org}},
  note         = "[Internet; Accedido el 19 de mayo de 2025]"
}

@misc{web:django-orm,
  title        = "Django ORM — Database access layer",
  author       = "Django Software Foundation",
  year         = "2025",
  howpublished = {\url{https://docs.djangoproject.com/en/stable/topics/db/}},
  note         = "[Internet; Accedido el 19 de mayo de 2025]"
}
@misc{web:deepl,
  title        = "DeepL Translator",
  author       = "DeepL GmbH",
  year         = "2025",
  howpublished = {\url{https://www.deepl.com/translator}},
  note         = "[Internet; Accedido el 19 de mayo de 2025]"
}

@misc{web:googletranslator,
  title        = "Google Translate",
  author       = "Google LLC",
  year         = "2025",
  howpublished = {\url{https://translate.google.com}},
  note         = "[Internet; Accedido el 19 de mayo de 2025]"
}

@misc{web:microsofttranslator,
  title        = "Microsoft Translator",
  author       = "Microsoft",
  year         = "2025",
  howpublished = {\url{https://www.microsoft.com/en-us/translator}},
  note         = "[Internet; Accedido el 19 de mayo de 2025]"
}

@misc{web:ollama,
  title        = "Ollama – Local AI Models",
  author       = "Ollama",
  year         = "2025",
  howpublished = {\url{https://ollama.com}},
  note         = "[Internet; Accedido el 19 de mayo de 2025]"
}

@misc{web:langchain,
  title        = "LangChain – Framework for building applications with LLMs",
  author       = "LangChain Community",
  year         = "2025",
  howpublished = {\url{https://langchain.com}},
  note         = "[Internet; Accedido el 19 de mayo de 2025]"
}

@misc{web:celery,
  title        = "Celery – Distributed Task Queue",
  author       = "Celery Project",
  year         = "2025",
  howpublished = {\url{https://docs.celeryproject.org}},
  note         = "[Internet; Accedido el 19 de mayo de 2025]"
}

@misc{web:redis,
  title        = "Redis – In-memory Data Structure Store",
  author       = "Redis Labs",
  year         = "2025",
  howpublished = {\url{https://redis.io}},
  note         = "[Internet; Accedido el 19 de mayo de 2025]"
}

@misc{web:sphinx,
  title        = "Sphinx – Documentation generator",
  author       = "Sphinx Team",
  year         = "2025",
  howpublished = {\url{https://www.sphinx-doc.org}},
  note         = "[Internet; Accedido el 19 de mayo de 2025]"
}

@misc{web:sphinxbooktheme,
  title        = "Sphinx Book Theme",
  author       = "Executable Books Project",
  year         = "2025",
  howpublished = {\url{https://sphinx-book-theme.readthedocs.io}},
  note         = "[Internet; Accedido el 19 de mayo de 2025]"
}

@misc{web:mkdocs,
  title        = "MkDocs – Project documentation with Markdown",
  author       = "MkDocs contributors",
  year         = "2025",
  howpublished = {\url{https://www.mkdocs.org}},
  note         = "[Internet; Accedido el 19 de mayo de 2025]"
}

@misc{web:rabbitmq,
  title        = "RabbitMQ – Messaging that just works",
  author       = "Pivotal Software",
  year         = "2025",
  howpublished = {\url{https://www.rabbitmq.com}},
  note         = "[Internet; Accedido el 19 de mayo de 2025]"
}

@misc{web:dramatiq,
  title        = "Dramatiq – Fast and reliable distributed task processing",
  author       = "Dramatiq Contributors",
  year         = "2025",
  howpublished = {\url{https://dramatiq.io}},
  note         = "[Internet; Accedido el 19 de mayo de 2025]"
}

@misc{web:huey,
  title        = "Huey – A little task queue for Python",
  author       = "Charles Leifer",
  year         = "2025",
  howpublished = {\url{https://huey.readthedocs.io}},
  note         = "[Internet; Accedido el 19 de mayo de 2025]"
}

@misc{web:openai,
  title        = "OpenAI",
  author       = "OpenAI",
  year         = "2025",
  howpublished = {\url{https://openai.com}},
  note         = "[Internet; Accedido el 19 de mayo de 2025]"
}

@misc{web:huggingface,
  title        = "Hugging Face Inference API",
  author       = "Hugging Face",
  year         = "2025",
  howpublished = {\url{https://huggingface.co/inference-api}},
  note         = "[Internet; Accedido el 19 de mayo de 2025]"
}

@misc{web:replicate,
  title        = "Replicate – Run machine learning models in the cloud",
  author       = "Replicate",
  year         = "2025",
  howpublished = {\url{https://replicate.com}},
  note         = "[Internet; Accedido el 19 de mayo de 2025]"
}

@misc{web:langchain-ollama,
  title        = "langchain-ollama – LangChain integration for Ollama",
  author       = "PyPI Contributors",
  year         = "2025",
  howpublished = {\url{https://pypi.org/project/langchain-ollama/}},
  note         = "[Internet; Accedido el 19 de mayo de 2025]"
}

@misc{web:python-decouple,
  title        = "python-decouple – Strict separation of settings from code",
  author       = "PyPI Contributors",
  year         = "2025",
  howpublished = {\url{https://pypi.org/project/python-decouple/}},
  note         = "[Internet; Accedido el 19 de mayo de 2025]"
}

@misc{web:markdown,
  title        = "Markdown – Python implementation of Markdown",
  author       = "PyPI Contributors",
  year         = "2025",
  howpublished = {\url{https://pypi.org/project/Markdown/}},
  note         = "[Internet; Accedido el 19 de mayo de 2025]"
}

@misc{web:psycopg2-binary,
  title        = "psycopg2-binary – PostgreSQL database adapter for Python",
  author       = "PyPI Contributors",
  year         = "2025",
  howpublished = {\url{https://pypi.org/project/psycopg2-binary/}},
  note         = "[Internet; Accedido el 19 de mayo de 2025]"
}

@misc{web:css,
  title        = "Cascading Style Sheets (CSS)",
  author       = "World Wide Web Consortium (W3C)",
  year         = "2025",
  howpublished = {\url{https://www.w3.org/Style/CSS/}},
  note         = "[Internet; Accedido el 19 de mayo de 2025]"
}

@misc{web:html,
  title        = "HyperText Markup Language (HTML)",
  author       = "World Wide Web Consortium (W3C)",
  year         = "2025",
  howpublished = {\url{https://www.w3.org/TR/html52/}},
  note         = "[Internet; Accedido el 19 de mayo de 2025]"
}

@misc{web:javascript,
  title        = "ECMAScript® Language Specification",
  author       = "ECMA International",
  year         = "2025",
  howpublished = {\url{https://262.ecma-international.org}},
  note         = "[Internet; Accedido el 19 de mayo de 2025]"
}

@misc{web:tailwind,
  title        = "Tailwind CSS – A utility-first CSS framework",
  author       = "Tailwind Labs",
  year         = "2025",
  howpublished = {\url{https://tailwindcss.com}},
  note         = "[Internet; Accedido el 19 de mayo de 2025]"
}

@misc{web:flowbite,
  title        = "Flowbite – UI component library built on Tailwind CSS",
  author       = "Flowbite",
  year         = "2025",
  howpublished = {\url{https://flowbite.com}},
  note         = "[Internet; Accedido el 19 de mayo de 2025]"
}

@misc{web:miro,
  title        = "Miro – Collaborative online whiteboard platform",
  author       = "Miro",
  year         = "2025",
  howpublished = {\url{https://miro.com/es/signup/}},
  note         = "[Internet; Accedido el 19 de mayo de 2025]"
}

@misc{web:drawio,
  title        = "Draw.io – Online diagramming tool",
  author       = "JGraph Ltd.",
  year         = "2025",
  howpublished = {\url{https://app.diagrams.net}},
  note         = "[Internet; Accedido el 19 de mayo de 2025]"
}

@misc{web:sqlalchemy,
  title        = "SQLAlchemy – The Python SQL toolkit and Object Relational Mapper",
  author       = "SQLAlchemy Authors",
  year         = "2025",
  howpublished = {\url{https://www.sqlalchemy.org}},
  note         = "[Internet; Accedido el 19 de mayo de 2025]"
}

@misc{web:docker,
  title        = "Docker – Empowering App Development for Developers",
  author       = "Docker Inc.",
  year         = "2025",
  howpublished = {\url{https://www.docker.com}},
  note         = "[Internet; Accedido el 19 de mayo de 2025]"
}
@misc{web:docker_doc,
  title        = "Docker – Empowering App Development for Developers",
  author       = "Docker Inc.",
  year         = "2025",
  howpublished = {\url{https://www.docker.com}},
  note         = "[Internet; Accedido el 19 de mayo de 2025]"
}

@misc{web:django-curso-youtube,
  title        = "Curso de Django para Principiantes",
  author       = "YouTube",
  year         = "2022",
  howpublished = {\url{https://www.youtube.com/watch?v=T1intZyhXDU}},
  note         = "[Internet; Accedido el 1 de marzo de 2025]"
}

@misc{web:django-curso-youtube-pildoras,
  title        = "Curso de Django para Principiantes",
  author       = "YouTube",
  year         = "2022",
  howpublished = {\url{https://www.youtube.com/watch?v=nG9vnEuIzBM}},
  note         = "[Internet; Accedido el 1 de marzo de 2025]"
}

@article{impey2024,
  title   = {Using Large Language Models for Automated Grading of Student Writing about Science},
  author  = {Impey, Chris and Wenger, Matthew and Garuda, Nikhil and Golchin, Shahriar and Stamer, Sarah},
  journal = {arXiv preprint arXiv:2412.18719},
  year    = {2024},
  publisher = {arXiv},
  note    = {[Internet; Accedido el 20 de mayo de 2025]},
  howpublished = {\url{https://arxiv.org/abs/2412.18719}}
}

@article{pathak2025,
  title={Rubric Is All You Need: Enhancing LLM-based Code Evaluation With Question-Specific Rubrics},
  author={Pathak, Aditya and Gandhi, Rachit and Uttam, Vaibhav and Devansh and Nakka, Yashwanth and Jindal, Aaryan Raj and Ghosh, Pratyush and Ramamoorthy, Arnav and Verma, Shreyash and Mittal, Aditya and Ased, Aashna and Khatri, Chirag and Challa, Jagat Sesh and Kumar, Dhruv},
  journal={arXiv preprint arXiv:2503.23989},
  year={2025},
  publisher={arXiv},
  note={[Internet; Accedido el 20 de mayo de 2025]},
  howpublished={\url{https://arxiv.org/abs/2503.23989}}
}

@misc{web:copilot,
  author       = "Microsoft",
  title        = "Microsoft Copilot: Tu compañero de IA",
  year         = "2025",
  howpublished = {\url{https://copilot.microsoft.com}},
  note         = "[Internet; Accedido el 30 de mayo de 2025]"
}


@misc{tfg:alvarez2024,
  author       = "Álvarez Osorio, Luis Felipe",
  title        = "Herramienta de Corrección Automática de Prácticas de Programación",
  year         = "2024",
  howpublished = {\url{https://oa.upm.es/83172/}},
  note         = "[Internet; Accedido el 19 de mayo de 2025]"
}

@misc{montanes2014,
  author       = "Montañés Juanico, Òscar",
  title        = "Sistema automatizado de corrección de programas: ampliación de herramientas",
  year         = "2014",
  howpublished = {\url{https://diposit.ub.edu/dspace/bitstream/2445/60450/2/memoria.pdf}},
  note         = "[Internet; Accedido el 19 de mayo de 2025]"
}
Cita BibTeX:

@misc{ruder2018reviewneuralhistory,
author = {Ruder, Sebastian},
title = {{A Review of the Neural History of Natural Language Processing}},
year = {2018},
howpublished = {\url{http://ruder.io/a-review-of-the-recent-history-of-nlp/}},
}

@misc{ibm:pln2024,
  author       = "Stryker, Cole and Holdsworth, Jim",
  title        = "¿Qué es el PLN (procesamiento del lenguaje natural)?",
  year         = "2024",
  howpublished = {\url{https://www.ibm.com/es-es/think/topics/natural-language-processing}},
  note         = "[Internet; Accedido el 20 de mayo de 2025]"
}

@misc{wiki:llm,
  author       = "Wikipedia",
  title        = "Modelo extenso de lenguaje --- Wikipedia{,} La enciclopedia libre",
  year         = "2025",
  howpublished = {\url{https://es.wikipedia.org/wiki/Modelo_extenso_de_lenguaje}},
  note         = "[Internet; Accedido el 25 de mayo de 2025]"
}

@misc{deeprevision2023,
  author = {Deep Revision},
  title = {Transformer explicado con ejemplos sencillos},
  year = {2023},
  howpublished = {\url{https://deeprevision.github.io/posts/001-transformer/}},
  note = {Consultado en junio de 2025}
}

@misc{datacamp:transformers2024,
  author       = "Ferrer, Josep",
  title        = "Cómo funcionan los transformadores: Una exploración detallada de la arquitectura de los transformadores",
  year         = "2024",
  howpublished = {\url{https://www.datacamp.com/es/tutorial/how-transformers-work}},
  note         = "[Internet; Accedido el 30 de mayo de 2025]"
}

@misc{web:perplexity,
  author       = "Perplexity AI, Inc.",
  title        = "Perplexity AI – Answer engine powered by large language models",
  year         = "2025",
  howpublished = {\url{https://www.perplexity.ai/}},
  note         = "[Internet; Accedido el 1 de junio de 2025]"
}
