@book{koza92,
		author    = "Koza, John R.",
		title     = "Genetic Programming: On the Programming of Computers by Means of Natural Selection",
		publisher = "MIT Press",
		year      = "1992"
}


@misc{ wiki:latex,
       author = "Wikipedia",
       title = "LaTeX --- Wikipedia{,} La enciclopedia libre",
       year = "2015",
       url = "https://es.wikipedia.org/w/index.php?title=LaTeX&oldid=84209252",
       note = "[Internet; descargado 30-septiembre-2015]"
}

@misc{scrumguides:guia,
    author = "Schwaber, Ken and Sutherland, Jeff",
    title = "Guía de Scrum: Las reglas del juego",
    year = "2020",
    url ="https://scrumguides.org/docs/scrumguide/v2020/2020-Scrum-Guide-Spanish-European.pdf",
    note = "[Internet; descargado 27-marzo-2025]"
}

@misc{zube:zube,
    author = "Zube",
    title = "Agile project management",
    year = "2020",
    url ="https://scrumguides.org/docs/scrumguide/v2020/2020-Scrum-Guide-Spanish-European.pdf",
    note = "[Internet; descargado 27-marzo-2025]"
}

@misc{web:talen,
  title        = "Salario: Programador Junior",
  author       = "Talent.com",
  year         = "2025",
  howpublished = {\url{https://es.talent.com/salary?job=programador+junior}},
  note         = "[Internet; Accedido el 30 de mayo de 2025]"
}
@misc{web:zube,
  title        = "Zube | Project Management for GitHub Issues",
  author       = "Zube Inc.",
  year         = "2025",
  howpublished = {\url{https://zube.io}},
  note         = "[Internet; Accedido el 19 de mayo de 2025]"
}

@misc{web:agenda2030,
  author       = "Naciones Unidas",
  title        = "La Asamblea General adopta la Agenda 2030 para el Desarrollo Sostenible",
  year         = "2015",
  howpublished = {\url{https://www.un.org/sustainabledevelopment/es/2015/09/la-asamblea-general-adopta-la-agenda-2030-para-el-desarrollo-sostenible/}},
  note         = "[Internet; Accedido el 19 de mayo de 2025]"
}

@misc{wiki:ods4,
  author       = "Wikipedia",
  title        = "Objetivo de Desarrollo Sostenible 4 --- Wikipedia{,} La enciclopedia libre",
  year         = "2025",
  howpublished = {\url{https://es.wikipedia.org/wiki/Objetivo_de_Desarrollo_Sostenible_4}},
  note         = "[Internet; Accedido el 19 de mayo de 2025]"
}

@misc{wiki:ods10,
  author       = "Wikipedia",
  title        = "Objetivo de Desarrollo Sostenible 10 --- Wikipedia{,} La enciclopedia libre",
  year         = "2025",
  howpublished = {\url{https://es.wikipedia.org/wiki/Objetivo_de_Desarrollo_Sostenible_10}},
  note         = "[Internet; Accedido el 19 de mayo de 2025]"
}
@misc{wiki:ods9,
  author       = "Wikipedia",
  title        = "Objetivo de Desarrollo Sostenible 9 --- Wikipedia{,} La enciclopedia libre",
  year         = "2025",
  howpublished = {\url{https://es.wikipedia.org/wiki/Objetivo_de_Desarrollo_Sostenible_9}},
  note         = "[Internet; Accedido el 19 de mayo de 2025]"
}
@misc{wiki:licenciaBSD,
  author       = "Wikipedia",
  title        = "Licencia BSD --- Wikipedia{,} La enciclopedia libre",
  year         = "2025",
  howpublished = {\url{https://es.wikipedia.org/wiki/Licencia_BSD}},
  note         = "[Internet; Accedido el 19 de mayo de 2025]"
}

@misc{wiki:licenciaMIT,
  author       = "Wikipedia",
  title        = "Licencia MIT --- Wikipedia{,} La enciclopedia libre",
  year         = "2025",
  howpublished = {\url{https://es.wikipedia.org/wiki/Licencia_MIT}},
  note         = "[Internet; Accedido el 19 de mayo de 2025]"
}

@misc{web:django_contrib,
  author       = {Django Software Foundation},
  title        = {Paquetes de contribución en Django},
  year         = {2025},
  howpublished = {\url{https://docs.djangoproject.com/en/5.2/ref/contrib/}},
  note         = "[Internet; Accedido el 1 de junio de 2025]"
}

@misc{web:django_queries,
  author       = {Django Software Foundation},
  title        = {Django 5.2: Consultas de bases de datos (ORM)},
  year         = {2025},
  howpublished = {\url{https://docs.djangoproject.com/en/5.2/topics/db/queries/}},
  note         = "[Internet; Accedido el 1 de junio de 2025]"
}
